<?xml version="1.0" encoding="UTF-8"?><collection xmlns="http://www.loc.gov/MARC21/slim"><record><leader>00527nam--2200193-i-4500</leader><controlfield tag="001">000048470</controlfield><controlfield tag="002">20161230</controlfield><controlfield tag="005">20161230201047</controlfield><controlfield tag="008">060222s1000------------r-----000-0-rus-d</controlfield><datafield ind1=" " ind2=" " tag="040"><subfield code="a">IFIN-HH</subfield></datafield><datafield ind1=" " ind2=" " tag="041"><subfield code="a">rus</subfield></datafield><datafield ind1=" " ind2=" " tag="080"><subfield code="a">539.186.2:543.422.8</subfield></datafield><datafield ind1="1" ind2=" " tag="100"><subfield code="a">Muminov, V.A</subfield></datafield><datafield ind1="1" ind2="0" tag="245"><subfield code="a">Rentgenofluorestentnih analiz vozbujdeniem uskorennimi legkimi ionami</subfield><subfield code="c">V.a. muminov, r.a. haidarov</subfield></datafield><datafield ind1=" " ind2=" " tag="260"><subfield code="a">Taskent</subfield><subfield code="b">Fan</subfield><subfield code="c">1980</subfield></datafield><datafield ind1=" " ind2=" " tag="300"><subfield code="a">172P</subfield></datafield><datafield ind1="1" ind2=" " tag="700"><subfield code="a">Haidarov, R.A</subfield></datafield><datafield ind1=" " ind2=" " tag="852"><subfield code="a">49494</subfield><subfield code="c">539.18</subfield></datafield><datafield ind1=" " ind2=" " tag="CAT"><subfield code="a">Sys</subfield><subfield code="c">20120706</subfield><subfield code="h">120504</subfield></datafield></record></collection>